<collection xmlns="http://www.loc.gov/MARC21/slim">
<record>
  <leader>00997nam0a22002291i 450 </leader>
  <controlfield tag="001">IT\ICCU\CNCE\016121</controlfield>
  <controlfield tag="005">20000706000000.0</controlfield>
  <datafield tag="100" ind1=" " ind2=" ">
    <subfield code="a">19970101d1560        0itac0103    ba</subfield>
  </datafield>
  <datafield tag="101" ind1=" " ind2=" ">
    <subfield code="a">ITA</subfield>
  </datafield>
  <datafield tag="102" ind1=" " ind2=" ">
    <subfield code="a">IT</subfield>
  </datafield>
  <datafield tag="200" ind1="1" ind2=" ">
    <subfield code="a">Adhaerendo Deo, vulgar. Opera devotissima della colligatione dell&apos;anima con l&apos;eterno Dio</subfield>
  </datafield>
  <datafield tag="210" ind1=" " ind2=" ">
    <subfield code="a">Venetia</subfield>
    <subfield code="c">stampata per le mani delle Convertite</subfield>
    <subfield code="d">1560</subfield>
  </datafield>
  <datafield tag="215" ind1=" " ind2=" ">
    <subfield code="a">32 c.</subfield>
    <subfield code="d">12ʻ</subfield>
  </datafield>
  <datafield tag="300" ind1=" " ind2=" ">
    <subfield code="a">NON SIGLATA</subfield>
  </datafield>
  <datafield tag="620" ind1=" " ind2=" ">
    <subfield code="a">IT</subfield>
    <subfield code="d">Venezia</subfield>
  </datafield>
  <datafield tag="702" ind1=" " ind2="0">
    <subfield code="a">Albertus</subfield>
    <subfield code="c"> : Magnus</subfield>
    <subfield code="c"> &lt;santo&gt;</subfield>
    <subfield code="3">IT\ICCU\CNCA\000555</subfield>
  </datafield>
  <datafield tag="712" ind1="0" ind2="2">
    <subfield code="a">Tipografia del Monastero delle Convertite</subfield>
    <subfield code="3">IT\ICCU\CNCT\000998</subfield>
    <subfield code="4">650</subfield>
  </datafield>
  <datafield tag="790" ind1=" " ind2="0">
    <subfield code="a">Albert</subfield>
    <subfield code="c"> : der Grosse</subfield>
    <subfield code="3">IT\ICCU\CNCA\012421</subfield>
    <subfield code="z">Albertus : Magnus &lt;santo&gt;</subfield>
  </datafield>
  <datafield tag="790" ind1=" " ind2="0">
    <subfield code="a">Albert</subfield>
    <subfield code="c"> : von#Bollstd̃t</subfield>
    <subfield code="3">IT\ICCU\CNCA\018619</subfield>
    <subfield code="z">Albertus : Magnus &lt;santo&gt;</subfield>
  </datafield>
  <datafield tag="790" ind1=" " ind2="0">
    <subfield code="a">Alberto Magno</subfield>
    <subfield code="3">IT\ICCU\CNCA\018898</subfield>
    <subfield code="z">Albertus : Magnus &lt;santo&gt;</subfield>
  </datafield>
  <datafield tag="791" ind1="0" ind2="2">
    <subfield code="a">℗In ℗Coenobio Sanctae Mariae Magdalenae</subfield>
    <subfield code="3">IT\ICCU\CNCT\002907</subfield>
    <subfield code="z">Tipografia del Monastero delle Convertite</subfield>
  </datafield>
  <datafield tag="801" ind1=" " ind2="3">
    <subfield code="a">IT</subfield>
    <subfield code="b">ICCU</subfield>
    <subfield code="c">20201114</subfield>
  </datafield>
</record>
</collection>
